@INPROCEEDINGS{Readactor, 
author={S. Crane and C. Liebchen and A. Homescu and L. Davi and P. Larsen and A. R. Sadeghi and S. Brunthaler and M. Franz}, 
booktitle={2015 IEEE Symposium on Security and Privacy}, 
title={Readactor: Practical Code Randomization Resilient to Memory Disclosure}, 
year={2015}, 
volume={}, 
number={}, 
pages={763-780}, 
keywords={online front-ends;program compilers;Google Chromium browser;ROP;Readactor;V8 JIT compiler;code randomization;code-reuse attacks;compiler-based code generation paradigm;memory disclosure;return-oriented programming;Hardware;Layout;Operating systems;Program processors;Security;Virtual machine monitors}, 
doi={10.1109/SP.2015.52}, 
ISSN={1081-6011}, 
month={May},}
 
@INPROCEEDINGS{compilerassisted,
author = {H. Koo and Y. Chen and L. Lu and V. P. Kemerlis and M. Polychronakis},
booktitle = {2018 IEEE Symposium on Security and Privacy (SP)},
title = {Compiler-assisted Code Randomization},
year = {},
volume = {00},
number = {},
pages = {472-488},
keywords={code-randomization;return-oriented-programming;compiler-level-protection},
doi = {10.1109/SP.2018.00029},
url = {doi.ieeecomputersociety.org/10.1109/SP.2018.00029},
ISSN = {2375-1207},
month={}
}

@inproceedings{Heisenbyte,
 author = {Tang, Adrian and Sethumadhavan, Simha and Stolfo, Salvatore},
 title = {Heisenbyte: Thwarting Memory Disclosure Attacks Using Destructive Code Reads},
 booktitle = {Proceedings of the 22Nd ACM SIGSAC Conference on Computer and Communications Security},
 series = {CCS '15},
 year = {2015},
 isbn = {978-1-4503-3832-5},
 location = {Denver, Colorado, USA},
 pages = {256--267},
 numpages = {12},
 url = {http://doi.acm.org/10.1145/2810103.2813685},
 doi = {10.1145/2810103.2813685},
 acmid = {2813685},
 publisher = {ACM},
 address = {New York, NY, USA},
 keywords = {binary rewriting, destructive code reads, memory disclosure},
} 

@inproceedings {bending,
author = {Nicholas Carlini and Antonio Barresi and Mathias Payer and David Wagner and Thomas R. Gross},
title = {Control-Flow Bending: On the Effectiveness of Control-Flow Integrity},
booktitle = {24th {USENIX} Security Symposium ({USENIX} Security 15)},
year = {2015},
isbn = {978-1-931971-232},
address = {Washington, D.C.},
pages = {161--176},
url = {https://www.usenix.org/conference/usenixsecurity15/technical-sessions/presentation/carlini},
publisher = {{USENIX} Association},
}

@inproceedings {COTS,
author = {Mingwei Zhang and R. Sekar},
title = {Control Flow Integrity for {COTS} Binaries},
booktitle = {Presented as part of the 22nd {USENIX} Security Symposium ({USENIX} Security 13)},
year = {2013},
isbn = {978-1-931971-03-4},
address = {Washington, D.C.},
pages = {337--352},
url = {https://www.usenix.org/conference/usenixsecurity13/technical-sessions/presentation/Zhang},
publisher = {{USENIX}},
}
